@online{Cr14,
	title = {Create a fog shader},
	year = {2014},
	howpublished  = {http://in2gpu.com/2014/07/22/create-fog-shader/} Stand: 22.06.2014}
}

@online{BF1,
	title = {Basisfunktionalitäten von Spiel-Engines}
	note = {https://de.wikipedia.org/wiki/Spiel-Engine, Stand Dezember 2016}
}
@online{GE1,
	title = {Uebersicht verschiedener Game-Engines}
	note = {https://de.wikipedia.org/wiki/Liste-von-Spiel-Engines}
}

@book{GE2,
	author    = "David H. Eberly",
	title = {3D Game Engine Design: A Practical Approach to Real-Time Computer Graphics}
	year      = "2006",
	publisher = "CRC Press",
}
@online{JM1,
	title = {jMonkey Engine Funktionalitäten}
	note = {https://de.wikipedia.org/wiki/JMonkeyEngine}
}

@online{FC1, 
	title = {Definition von Frustrum Culling nach DelphiGL}
	note = {https://wiki.delphigl.com/index.php/Frustum_Culling}
}
@online{BG1,
	title = {jMonkeyEngine Beginners Guide}
	note = {https://docs.jmonkeyengine.org/beginner/beginner-intro.html}
}

@online{OBJ1,
	title = {OBJ von Wavefront Technologies}
	note = {www.dateiendung.com/format/obj}

}

@Misc{Fig1,
	title = {3D Model Figures},
	year = {2014},
	note = {Abbildungen:  https://hub.jmonkeyengine.org/t/changes-to-animations-loading-in-blender-importer-important-for-importer-users/28304/10}
}

@Misc{Fig2,
	title = {3D Game Example},
	author = {ThinMatrix}
	year = {2015},
	note = {https://i.ytimg.com/vi/E-XLyX7Lwsw/maxresdefault.jpg}
}